@article{samet2020coronavirus,
  title   = {How the Coronavirus Is Changing US Social Media Usage},
  author  = {Samet, Alexandra},
  journal = {Viitattu},
  volume  = {30},
  pages   = {2020},
  year    = {2020}
}

@article{RichterZoom,
  title   = {Zoom's revenue Skyrockets on Pandemic Boost},
  author  = {Felix Richter},
  journal = {statista},
  note    = "Available: https://www.statista.com/chart/21906/zoom-revenue/. [Accessed: 02-May-2021]"
}

@book{firestone2007voice,
  title     = {Voice and video conferencing fundamentals},
  author    = {Firestone, Scott and Ramalingam, Thiya and Fry, Steve},
  year      = {2007},
  publisher = {Cisco Systems}
}

@book{loeliger2012version,
  title={Version Control with Git: Powerful tools and techniques for collaborative software development},
  author={Loeliger, Jon and McCullough, Matthew},
  year={2012},
  publisher={" O'Reilly Media, Inc."}
}

% conferencing
@article{sabri1985video,
  title     = {Video conferencing systems},
  author    = {Sabri, Shaker and Prasada, Birendra},
  journal   = {Proceedings of the IEEE},
  volume    = {73},
  number    = {4},
  pages     = {671--688},
  year      = {1985},
  publisher = {IEEE}
}

@article{dorcey1995cu,
  title   = {Cu-seeme desktop video conferencing software},
  author  = {Dorcey, Tim},
  journal = {Connexions 9},
  volume  = {3},
  year    = {1995}
}

% socket.io 
@misc{arrachequesne_2021,
  title   = {Socket.IO documentation}, 
  url     = {https://socket.io/docs/v4/index.html}, 
  journal = {Socket.IO}, 
  author  = {Arrachequesne, Damien}, 
  year    = {2021}, 
  month   = {Apr},
  note    = "Available: https://socket.io/docs/v4/index.html. [Accessed: 04-May-2021]"
} 

% === WebRTC === %
@inproceedings{apu2017p2p,
  title         = {P2P video conferencing system based on WebRTC},
  author        = {Apu, Khalid Ibn Zinnah and Mahmud, Nafiz and Hasan, Firoz and Sagar, Sabbir Hossain},
  booktitle     = {2017 International Conference on Electrical, Computer and Communication Engineering (ECCE)},
  pages         = {557--561},
  year          = {2017},
  organization  = {IEEE}
}

@misc{rtcicecandidate,
    title   = {RTCIceCandidate - Web APIs: MDN},
    url     = {https://developer.mozilla.org/en-US/docs/Web/API/RTCIceCandidate}, 
    journal ={Web APIs | MDN},
    note    = "Available: https://developer.mozilla.org/en-US/docs/Web/API/RTCIceCandidate. [Accessed: 09-May-2021]"
} 

@misc{rtcpeerconnection,
  title         = {RTCPeerConnection documentation}, 
  url           = {https://developer.mozilla.org/en-US/docs/Web/API/RTCPeerConnection},
  author        = {MDN contributors},
  note          = "Available: https://developer.mozilla.org/en-US/docs/Web/API/RTCPeerConnection. [Accessed: 09-May-2021]"
} 
@misc{stun,
  title         = {STUN documentation}, 
  url           = {https://developer.mozilla.org/en-US/docs/Glossary/STUN},
  author        = {MDN contributors},
  note          = "Available: https://developer.mozilla.org/en-US/docs/Glossary/STUN. [Accessed: 09-May-2021]"
} 
 
% === Agile Methodologies === %
% (in order of reference)
@article{dybaa2008empirical,
  title={Empirical studies of agile software development: A systematic review},
  author={Dyb{\aa}, Tore and Dings{\o}yr, Torgeir},
  journal={Information and software technology},
  volume={50},
  number={9-10},
  pages={833--859},
  year={2008},
  publisher={Elsevier}
}
@book{cockburn2004crystal,
  title={Crystal clear: A human-powered methodology for small teams: A human-powered methodology for small teams},
  author={Cockburn, Alistair},
  year={2004},
  publisher={Pearson Education}
}
@article{voigt2004dynamic,
  title={Dynamic system development method},
  author={Voigt, Benjamin JJ and Glinz, M and Seybold, Dipl-Inf C},
  journal={no. January},
  year={2004}
}
@article{hunt2006feature,
  title={Feature-driven development},
  author={Hunt, John},
  journal={Agile Software Construction},
  pages={161--182},
  year={2006},
  publisher={Springer}
}
@article{ebert2012lean,
  title={Lean software development},
  author={Ebert, Christof and Abrahamsson, Pekka and Oza, Nilay},
  journal={IEEE Computer Architecture Letters},
  volume={29},
  number={05},
  pages={22--25},
  year={2012},
  publisher={IEEE Computer Society}
}
@incollection{schwaber1997scrum,
  title={Scrum development process},
  author={Schwaber, Ken},
  booktitle={Business object design and implementation},
  pages={117--134},
  year={1997},
  publisher={Springer}
}
@book{gundecha2012selenium,
  title={Selenium Testing Tools Cookbook},
  author={Gundecha, Unmesh},
  year={2012},
  publisher={Packt Publishing Ltd}
}
@article{borges2015popularity,
  title={On the popularity of GitHub applications: A preliminary note},
  author={Borges, Hudson and Valente, Marco Tulio and Hora, Andre and Coelho, Jailton},
  journal={arXiv preprint arXiv:1507.00604},
  year={2015}
}

% --- languages ---
@misc{reactjs,
    title = "React - A JavaScript library for building user interfaces",
    url   = {https://reactjs.org/},
    note  = "Available: https://reactjs.org/. [Accessed: 02-May-2021]"
} 

@misc{sass, 
    title   = {Sass Documentation}, 
    url     = {https://sass-lang.com/documentation}, 
    journal = {Sass},
    note    = "Available: https://sass-lang.com/documentation. [Accessed: 07-May-2021]"
} 
% --- languages --- 

% --- npm packages ---

% rough js
@misc{shihn2019rough,
  title  = {Rough. js: Create graphics with a hand-drawn, sketchy, appearance},
  url    = {https://roughjs.com/},
  author = {Shihn, Preet},
  year   = {2019},
  note   = "Available: https://roughjs.com/. [Accessed: 06-May-2021]"
}

% --- npm packages ---



% ---- stuff that was here already ----
@book{latexcompanion,
    author    = "Michel Goossens and Frank Mittelbach and Alexander Samarin",
    title     = "The \LaTeX\ Companion",
    year      = "1993",
    publisher = "Addison-Wesley",
    address   = "Reading, Massachusetts"
}
 
@misc{knuthwebsite,
    author    = "Donald Knuth",
    title     = "Knuth: Computers and Typesetting",
    url       = "http://www-cs-faculty.stanford.edu/\~{}uno/abcde.html"
}

% === Chapter 3: Technology Review === %
% (in order of reference)
@article{hacker2020virtually,
  title={Virtually in this together--how web-conferencing systems enabled a new virtual togetherness during the COVID-19 crisis},
  author={Hacker, Janine and vom Brocke, Jan and Handali, Joshua and Otto, Markus and Schneider, Johannes},
  journal={European Journal of Information Systems},
  volume={29},
  number={5},
  pages={563--584},
  year={2020},
  publisher={Taylor \& Francis}
}
@article{marzano2009teaching,
  title={Teaching with interactive whiteboards},
  author={Marzano, Robert J},
  journal={Educational leadership},
  volume={67},
  number={3},
  pages={80--82},
  year={2009}
}
@article{martin2013getting,
  title={Getting a SOLID start},
  author={Martin, Robert C},
  journal={Robert C. Martin-objectmentor. com},
  year={2013}
}

% === Chapter 4: System Design === %
% (in order of reference)
@article{garlan1995introduction,
  title={Introduction to the special issue on software architecture},
  author={Garlan, David and Perry, Dewayne E},
  journal={IEEE Trans. Software Eng.},
  volume={21},
  number={4},
  pages={269--274},
  year={1995},
  publisher={Citeseer}
}
@article{singh2015effect,
  title={Effect of solid design principles on quality of software: An empirical assessment},
  author={Singh, Harmeet and Hassan, Syed Imtiyaz},
  journal={International Journal of Scientific \& Engineering Research},
  volume={6},
  number={4},
  year={2015}
}

% === Chapter 5: System Evaluation === %
@inproceedings{holmes2006automating,
  title={Automating functional tests using selenium},
  author={Holmes, Antawan and Kellogg, Marc},
  booktitle={AGILE 2006 (AGILE'06)},
  pages={6--pp},
  year={2006},
  organization={IEEE}
}






